<record><leader>00000cas a2200000 a 4500</leader><controlfield tag="001">36152005</controlfield><controlfield tag="008">970103d18661868miuwr n       0    0eng c</controlfield><datafield ind1=" " ind2=" " tag="010"><subfield code="a">sn 96077440 </subfield></datafield><datafield ind1=" " ind2=" " tag="040"><subfield code="a">MHN</subfield><subfield code="b">eng</subfield><subfield code="c">MHN</subfield><subfield code="d">OCL</subfield><subfield code="d">OCLCQ</subfield><subfield code="d">OCLCF</subfield><subfield code="d">OCLCO</subfield></datafield><datafield ind1="1" ind2=" " tag="029"><subfield code="a">AU@</subfield><subfield code="b">000013027084</subfield></datafield><datafield ind1=" " ind2=" " tag="042"><subfield code="a">pcc</subfield></datafield><datafield ind1=" " ind2=" " tag="043"><subfield code="a">n-us-mi</subfield></datafield><datafield ind1="0" ind2=" " tag="130"><subfield code="a">Pontiac gazette (Pontiac, Mich. : 1866)</subfield></datafield><datafield ind1="1" ind2="4" tag="245"><subfield code="a">The Pontiac gazette.</subfield></datafield><datafield ind1=" " ind2=" " tag="260"><subfield code="a">Pontiac, Mich. :</subfield><subfield code="b">W.I. Beardsley &amp; C.B. Turner</subfield></datafield><datafield ind1=" " ind2=" " tag="300"><subfield code="a">v.</subfield></datafield><datafield ind1=" " ind2=" " tag="310"><subfield code="a">Weekly</subfield></datafield><datafield ind1="1" ind2=" " tag="362"><subfield code="a">Vol. 23, no. 17 (Apr. 27, 1866)-v. 25, no. 28 (July 5, 1867) = whole no. 1158-whole no. 1220 ; v. 25, no. 1221 (July 12, 1867)-v. 25, no. 1297 (Dec. 25, 1868).</subfield></datafield><datafield ind1=" " ind2="0" tag="651"><subfield code="a">Pontiac (Mich.)</subfield><subfield code="v">Newspapers.</subfield></datafield><datafield ind1=" " ind2="0" tag="651"><subfield code="a">Oakland County (Mich.)</subfield><subfield code="v">Newspapers.</subfield></datafield><datafield ind1=" " ind2="7" tag="655"><subfield code="a">Newspapers.</subfield><subfield code="2">fast</subfield><subfield code="0">(OCoLC)fst01423814</subfield></datafield><datafield ind1=" " ind2="7" tag="651"><subfield code="a">Michigan</subfield><subfield code="z">Oakland County.</subfield><subfield code="2">fast</subfield><subfield code="0">(OCoLC)fst01214740</subfield></datafield><datafield ind1=" " ind2="7" tag="651"><subfield code="a">Michigan</subfield><subfield code="z">Pontiac.</subfield><subfield code="2">fast</subfield><subfield code="0">(OCoLC)fst01215398</subfield></datafield><datafield ind1=" " ind2=" " tag="752"><subfield code="a">United States</subfield><subfield code="b">Michigan</subfield><subfield code="c">Oakland</subfield><subfield code="d">Pontiac.</subfield></datafield><datafield ind1="0" ind2="0" tag="780"><subfield code="t">Pontiac weekly gazette (Pontiac, Mich. : 1860)</subfield><subfield code="w">(DLC)sn 85026549</subfield><subfield code="w">(OCoLC)12271757</subfield></datafield><datafield ind1="0" ind2="0" tag="785"><subfield code="t">Pontiac weekly gazette (Pontiac, Mich. : 1869)</subfield><subfield code="w">(DLC)sn 96077441</subfield><subfield code="w">(OCoLC)36152054</subfield></datafield></record>